@misc{chollet2015keras,
  title={Keras},
  author={Chollet, Fran\c{c}ois and others},
  year={2015},
  howpublished={\url{https://keras.io}},
}

@Misc{kerasexamples,
howpublished = {\url{https://github.com/keras-team/keras/tree/master/examples}},
note = {Accessed April 4, 2018},
title = {Keras Examples},
author = {Chollet, Fran\c{c}ois and others}
}

@Misc{kerasautoencoders,
howpublished = {\url{https://blog.keras.io/building-autoencoders-in-keras.html}},
note = {Accessed April 4, 2018},
title = {Keras Examples},
author = {Chollet, Fran\c{c}ois and others}
}

@article{shannon1951prediction,
title={Prediction and entropy of printed English},
author={Shannon, Claude E},
journal={Bell Labs Technical Journal},
volume={30},
number={1},
pages={50--64},
year={1951},
publisher={Wiley Online Library}
}

@book{cutts2013oxford,
  title={Oxford guide to plain English},
  author={Cutts, Martin},
  year={2013},
  publisher={OUP Oxford}
}

@inproceedings{sundermeyer2013comparison,
  title={Comparison of feedforward and recurrent neural network language models},
  author={Sundermeyer, Martin and Oparin, Ilya and Gauvain, J-L and Freiberg, Ben and Schl{\"u}ter, Ralf and Ney, Hermann},
  booktitle={Acoustics, Speech and Signal Processing (ICASSP), 2013 IEEE International Conference on},
  pages={8430--8434},
  year={2013},
  organization={IEEE}
}

@book{van2011python,
  title={The python language reference manual},
  author={Van Rossum, Guido and Drake, Fred L},
  year={2011},
  publisher={Network Theory Ltd.}
}

@article{mnist,
  added-at = {2010-06-28T21:16:30.000+0200},
  author = {LeCun, Yann and Cortes, Corinna},
  biburl = {https://www.bibsonomy.org/bibtex/2935bad99fa1f65e03c25b315aa3c1032/mhwombat},
  groups = {public},
  howpublished = {http://yann.lecun.com/exdb/mnist/},
  interhash = {21b9d0558bd66279df9452562df6e6f3},
  intrahash = {935bad99fa1f65e03c25b315aa3c1032},
  keywords = {MSc _checked character_recognition mnist network neural},
  lastchecked = {2016-01-14 14:24:11},
  timestamp = {2016-07-12T19:25:30.000+0200},
  title = {{MNIST} handwritten digit database},
  url = {http://yann.lecun.com/exdb/mnist/},
  username = {mhwombat},
  year = 2010
}
