@article{castelvecchi2016can,
  title={Can we open the black box of AI?},
  author={Castelvecchi, Davide},
  journal={Nature News},
  volume={538},
  number={7623},
  pages={20},
  year={2016}
}
@article{vgg,
  title={Very deep convolutional networks for large-scale image recognition},
  author={Simonyan, Karen and Zisserman, Andrew},
  journal={arXiv preprint arXiv:1409.1556},
  year={2014}
}
@article{olden2002illuminating,
  title={Illuminating the “black box”: a randomization approach for understanding variable contributions in artificial neural networks},
  author={Olden, Julian D and Jackson, Donald A},
  journal={Ecological modelling},
  volume={154},
  number={1-2},
  pages={135--150},
  year={2002},
  publisher={Elsevier}
}

@misc{keras,
  title={Keras},
  author={Chollet, Fran\c{c}ois and others},
  year={2015},
  howpublished={\url{https://keras.io}},
}
@book{nielsen2015neural,
  title={Neural networks and deep learning},
  author={Nielsen, Michael A},
  year={2015},
  publisher={Determination Press}
}

@misc{cnnComparison,
  title={CNNs Architectures: LeNet, AlexNet, VGG, GoogLeNet, ResNet and more …},
  author={Siddharth Das},
  year={2017},
  howpublished={\url{https://medium.com/@siddharthdas_32104/cnns-architectures-lenet-alexnet-vgg-googlenet-resnet-and-more-666091488df5}},
}

@inproceedings{zeiler2014visualizing,
  title={Visualizing and understanding convolutional networks},
  author={Zeiler, Matthew D and Fergus, Rob},
  booktitle={European conference on computer vision},
  pages={818--833},
  year={2014},
  organization={Springer}
}

@inproceedings{zeiler2011adaptive,
  title={Adaptive deconvolutional networks for mid and high level feature learning},
  author={Zeiler, Matthew D and Taylor, Graham W and Fergus, Rob},
  booktitle={Computer Vision (ICCV), 2011 IEEE International Conference on},
  pages={2018--2025},
  year={2011},
  organization={IEEE}
}

@article{simonyan2013deep,
  title={Deep inside convolutional networks: Visualising image classification models and saliency maps},
  author={Simonyan, Karen and Vedaldi, Andrea and Zisserman, Andrew},
  journal={arXiv preprint arXiv:1312.6034},
  year={2013}
}
@inproceedings{berov2016visual,
  title={Visual hallucination for computational creation},
  author={Berov, Leonid and Kuhnberger, Kai-Uwe},
  booktitle={Proceedings of the Seventh International Conference on Computational Creativity},
  year={2016}
}

@inproceedings{dipaola2016using,
  title={Using Artificial Intelligence Techniques to Emulate the Creativity of a Portrait Painter.},
  author={DiPaola, Steve and McCaig, Graeme},
  booktitle={EVA},
  year={2016}
}



@misc{imgbeestemarkt,
	title = {Image of the Beestemarkt in Leiden},
	author={Elvin from Flickr},
	howpublished = {\url{https://www.flickr.com/photos/25228175@N08/5087098537/in/photolist-8KwHat-QuCoUU-YPP5kW-H4foQo-82y9fV-FFZPco-ZaqCQW-bTrsD-8t9Dqz-bD2nzc-CJt1eR-HGfXhh-aEfrR9-G9EBky-8znosE-5TF6xw-bEEqFZ-cS9r5u-jrqmHY-Js4Nze-abGnJ-8YwSMZ-6hn71p-7L3cph-7xZx1z-9ToMnH-8YwCta-aiw7qV-ZDzVfi-BSNr8-BXj1u-8D8bM-224NGiP-XrqvZ5-Wi8BfS-yzSuq1-Wi8B8h-XerygG-WiZzUh-fCWwb-Fk7FBo-YdYn3z-CgSXtA-EKRGNm-fwFnPv-8YwTqX-gUx2Xt-qkn8yT-aiwNXT-cW9eCN}},
	note = {Accessed: 2018-05-10}
}

@misc{imgfield,
title = {Image of a field},
author={Andrés Dean},
howpublished = {\url{https://www.flickr.com/photos/bambse/9237463456/in/photolist-pLnJwE-gV3Zfx-ptEW7R-osCGe4-22cnNPw-ayo4zD-D1aiC4-CPaDUA-edhCT5-8iqNiL-fkFuTh-Miwzn-f5hq4j-wwf6Vz-e4qh69-Zy8Nxm-8zpz9B-2553xgs-6kjuiY-mJzoH1-qnfQXu-ebkGT9-oxC9wq-5HDQ4S-a7k4vR-sXtbth-cjz3w5-8RFXqh-M9C8As-8idwvu-8ipq5m-iXfTkX-oRBzq1-cXFfQ5-6ZjQv9-o2Yk3e-224h4Np-qzyM9b-remsJR-8RFYLh-stSPWa-7uxYiC-qc8SRk-boL1rR-fAi9Mh-21KUBqp-24DeyVz-i5Fixx-5Kv5JF-rGi9ud/}},
note = {Accessed: 2018-05-10}
}

@misc{imglandscape,
title = {Image of a landscape},
author={Fredrik Alpstedt},
howpublished = {\url{https://www.flickr.com/photos/alpstedt/10445708623/in/photolist-pLnJwE-gV3Zfx-ptEW7R-osCGe4-22cnNPw-ayo4zD-D1aiC4-CPaDUA-edhCT5-8iqNiL-fkFuTh-Miwzn-f5hq4j-wwf6Vz-e4qh69-Zy8Nxm-8zpz9B-2553xgs-6kjuiY-mJzoH1-qnfQXu-ebkGT9-oxC9wq-5HDQ4S-a7k4vR-sXtbth-cjz3w5-8RFXqh-M9C8As-8idwvu-8ipq5m-iXfTkX-oRBzq1-cXFfQ5-6ZjQv9-o2Yk3e-224h4Np-qzyM9b-remsJR-8RFYLh-stSPWa-7uxYiC-qc8SRk-boL1rR-fAi9Mh-21KUBqp-24DeyVz-i5Fixx-5Kv5JF-rGi9ud/}},
note = {Accessed: 2018-05-10}
}

@misc{googledeepdream,
title = {Original Google Deep Dream Implmenetation from Github},
author={Alexander Mordvintsev, Michael Tyka, Christopher Olah},
howpublished = {\url{https://github.com/google/deepdream}},
note = {Accessed: 2018-05-10}
}

